@article{pilario2018canonical,
  title={Canonical variate dissimilarity analysis for process incipient fault detection},
  author={Pilario, Karl Ezra Salgado and Cao, Yi},
  journal={IEEE Transactions on Industrial Informatics},
  volume={14},
  number={12},
  pages={5308--5315},
  year={2018},
  publisher={IEEE},
  url={https://dspace.lib.cranfield.ac.uk/bitstream/handle/1826/13055/Canonical_variate_dissimilarity_analysis-2018.pdf?sequence=4}
}
